@ARTICLE{Alder1,
  author = {Alder, B. J. and Wainwright, T. E.},
  title = {Studies in Molecular Dynamics. I. General Method},
  journal = {The Journal of Chemical Physics},
  year = {1959},
  volume = {31},
  pages = {459-466},
  number = {2},
  doi = {http://dx.doi.org/10.1063/1.1730376},
  url = {http://scitation.aip.org/content/aip/journal/jcp/31/2/10.1063/1.1730376}
}

@BOOK{anderson2008se,
  title = {{Security Engineering: A guide to building dependable distributed
	systems}},
  publisher = {Wiley},
  year = {2008},
  author = {Anderson, R.J.}
}

@BOOK{anderson2008,
  title = {{Security Engineering: A guide to building dependable distributed
	systems}},
  publisher = {Wiley},
  year = {2008},
  author = {Anderson, R.J.}
}
